% This file was created with JabRef 2.10b2.
% Encoding: UTF-8


@Misc{ieeextreme6,
  Title                    = {{IEEEXtreme} 6.0 {P}rogramming {C}hallenge},

  Author                   = {Zaid Pirwani},
  HowPublished             = {online},
  Month                    = {October},
  Year                     = {2012},

  Owner                    = {kommusoft},
  Timestamp                = {2014.09.18},
  Url                      = {http://zaidpirwani.com/download/ieee-xtreme-6-0-questions-n-stuff/}
}

