@comment{x-kbibtex-personnameformatting=<%l><, %f>}

@book{Applegate.2006,
	added-at = "2013-10-18T15:39:33.000+0200",
	address = "Princeton",
	author = "Applegate, David",
	biburl = "http://www.bibsonomy.org/bibtex/25cc0383b283a7a69bffc3be7e8cb70d2/hlackner",
	interhash = "2404659d59a0405ad61d801b5b1e1bba",
	intrahash = "5cc0383b283a7a69bffc3be7e8cb70d2",
	keywords = "Informatik",
	publisher = "Princeton University Press",
	title = "{The Traveling Salesman Problem}",
	x-fetchedfrom = "Bibsonomy",
	year = 2006
}

@book{Chvatal/83/Linear,
	abstract = "First cut database",
	added-at = "2009-05-20T01:29:36.000+0200",
	author = "Chv{\'a}tal, Va{\^s}ek",
	biburl = "http://www.bibsonomy.org/bibtex/2ac2bd71b70cedd9c3e62e9641fee6bbc/sriram0339",
	interhash = "147f9962b993abd58f80144042e97bf1",
	intrahash = "ac2bd71b70cedd9c3e62e9641fee6bbc",
	keywords = "imported",
	publisher = "Freeman",
	title = "{Linear Programming}",
	x-fetchedfrom = "Bibsonomy",
	year = 1983
}

@book{Cook:98,
	added-at = "2008-03-11T14:52:34.000+0100",
	author = "Cook, W. J. and Cunningham, W. H. and Pulleyblank, W. R. and Schrijver, A.",
	biburl = "http://www.bibsonomy.org/bibtex/25de979d86ce955d3779ef8f580ad00e3/idsia",
	citeulike-article-id = "2380775",
	interhash = "0aeb05d7d754d0ec9bd9718f8be8f28a",
	intrahash = "5de979d86ce955d3779ef8f580ad00e3",
	keywords = "juergen",
	priority = "2",
	publisher = "John Wiley \& Sons, New York",
	title = "{Combinatorial Optimization}",
	x-fetchedfrom = "Bibsonomy",
	year = 1998
}

@book{garey:computers79,
	added-at = "2008-03-11T14:52:34.000+0100",
	address = "New York",
	author = "Garey, M. R. and Johnson, D. S.",
	biburl = "http://www.bibsonomy.org/bibtex/238eb540f411950ea46ba460e4b42a660/idsia",
	citeulike-article-id = "2376742",
	interhash = "ef7c6da6297799f6c63236e50830a6da",
	intrahash = "38eb540f411950ea46ba460e4b42a660",
	keywords = "nn",
	priority = "2",
	publisher = "Freeman",
	title = "{Computers and Intractability}",
	x-fetchedfrom = "Bibsonomy",
	year = 1979
}

@book{KelPfePis04,
	added-at = "2011-08-17T16:08:47.000+0200",
	author = "Kellerer, H. and Pferschy, U. and Pisinger, D.",
	biburl = "http://www.bibsonomy.org/bibtex/28ae5708e7471c71352babe700683e656/pcbouman",
	interhash = "38bfc7e929e6b6a2577820f0444b8e96",
	intrahash = "8ae5708e7471c71352babe700683e656",
	keywords = "book knapsack problems",
	publisher = "Springer, Berlin, Germany",
	title = "{Knapsack Problems}",
	x-fetchedfrom = "Bibsonomy",
	year = 2004
}

@book{Lawler85,
	author = "Lawler, E.",
	editor = "Lenstra, J.K. and Kan, A. Rinnooy and Shmoys, D.",
	location = "New York",
	publisher = "Wiley",
	title = "{The Traveling Salesman Problem}",
	year = "1985"
}

@book{citeulike:2212037,
	abstract = {{Rave reviews for INTEGER AND COMBINATORIAL OPTIMIZATION "This book provides an excellent introduction and survey of traditional fields of combinatorial optimization . . . It is indeed one of the best and most complete texts on combinatorial optimization . . . available. [And] with more than 700 entries, [it] has quite an exhaustive reference list."-Optima "A unifying approach to optimization problems is to formulate them like linear programming problems, while restricting some or all of the variables to the integers. This book is an encyclopedic resource for such formulations, as well as for understanding the structure of and solving the resulting integer programming problems."-Computing Reviews "[This book] can serve as a basis for various graduate courses on discrete optimization as well as a reference book for researchers and practitioners."-Mathematical Reviews "This comprehensive and wide-ranging book will undoubtedly become a standard reference book for all those in the field of combinatorial optimization."-Bulletin of the London Mathematical Society "This text should be required reading for anybody who intends to do research in this area or even just to keep abreast of developments."-Times Higher Education Supplement, London Also of interest . . . INTEGER PROGRAMMING Laurence A. Wolsey Comprehensive and self-contained, this intermediate-level guide to integer programming provides readers with clear, up-to-date explanations on why some problems are difficult to solve, how techniques can be reformulated to give better results, and how mixed integer programming systems can be used more effectively. 1998 (0-471-28366-5) 260 pp.}},
	author = "Wolsey, L. A. and Nemhauser, G. L.",
	citeulike-article-id = "2212037",
	citeulike-linkout-0 = "http://www.amazon.ca/exec/obidos/redirect?tag=citeulike09-20\&amp;path=ASIN/0471359432",
	citeulike-linkout-1 = "http://www.amazon.de/exec/obidos/redirect?tag=citeulike01-21\&amp;path=ASIN/0471359432",
	citeulike-linkout-2 = "http://www.amazon.fr/exec/obidos/redirect?tag=citeulike06-21\&amp;path=ASIN/0471359432",
	citeulike-linkout-3 = "http://www.amazon.jp/exec/obidos/ASIN/0471359432",
	citeulike-linkout-4 = "http://www.amazon.co.uk/exec/obidos/ASIN/0471359432/citeulike00-21",
	citeulike-linkout-5 = "http://www.amazon.com/exec/obidos/redirect?tag=citeulike07-20\&path=ASIN/0471359432",
	citeulike-linkout-6 = "http://www.worldcat.org/isbn/0471359432",
	citeulike-linkout-7 = "http://books.google.com/books?vid=ISBN0471359432",
	citeulike-linkout-8 = "http://www.amazon.com/gp/search?keywords=0471359432\&index=books\&linkCode=qs",
	citeulike-linkout-9 = "http://www.librarything.com/isbn/0471359432",
	howpublished = "Paperback",
	isbn = "0471359432",
	keywords = "combinatorics; ilp; lp",
	posted-at = "2009-02-10 11:42:46",
	priority = "2",
	publisher = "Wiley-Interscience",
	title = "{Integer and Combinatorial Optimization}",
	url = "http://www.amazon.com/exec/obidos/redirect?tag=citeulike07-20&path=ASIN/0471359432",
	year = "1999"
}

@book{schrijver-book,
	abstract = "bandit problems",
	added-at = "2007-07-05T16:17:35.000+0200",
	author = "Schrijver, A.",
	biburl = "http://www.bibsonomy.org/bibtex/2496d0012f9b295acbef270a129061375/jleny",
	interhash = "dfbeb3a87380195540f44a10e9995230",
	intrahash = "496d0012f9b295acbef270a129061375",
	keywords = "imported",
	publisher = "Springer",
	title = "{Combinatorial Optimization - Polyhedra and Efficiency}",
	x-fetchedfrom = "Bibsonomy",
	year = 2003
}

@book{books/daglib/0004338,
	added-at = "2011-04-12T00:00:00.000+0200",
	author = "Vazirani, Vijay V.",
	biburl = "http://www.bibsonomy.org/bibtex/2bb95cede4448cf7da64abed2f29c58b0/dblp",
	ee = "http://www.springer.com/computer/theoretical+computer+science/book/978-3-540-65367-7",
	interhash = "b7940da2ca2d4d6bc4c0529a5a341004",
	intrahash = "bb95cede4448cf7da64abed2f29c58b0",
	isbn = "978-3-540-65367-7",
	keywords = "dblp",
	pages = "I--IXI, 1--378",
	publisher = "Springer",
	title = "{Approximation algorithms.}",
	x-fetchedfrom = "Bibsonomy",
	year = 2001
}

@book{wolseyip,
	added-at = "2012-11-22T19:17:38.000+0100",
	author = "Wolsey, L.A.",
	biburl = "http://www.bibsonomy.org/bibtex/254e53f18f109691d5c17e4b1a2012620/wvdaalst",
	interhash = "9bc25740d00526e892020544185c2d95",
	intrahash = "54e53f18f109691d5c17e4b1a2012620",
	keywords = "BPM collection imported",
	publisher = "John Wiley \& Sons, New York",
	title = "{Integer Programming}",
	x-fetchedfrom = "Bibsonomy",
	year = 1998
}

