@comment{x-kbibtex-personnameformatting=<%l><, %f>}

@book{pellerin1997vhdl,
	author = "Pellerin, D. and Taylor, D.",
	publisher = "{Prentice Hall}",
	title = "{VHDL made easy!}",
	year = "{1997}"
}

@book{hyde2004write,
	author = "Hyde, R.",
	isbn = "{1593270038}",
	publisher = "{No Starch Pr}",
	title = "{Write Great Code: Understanding the Machine}",
	year = "{2004}"
}

@book{brown2004fundamentals,
	author = "Brown, S. and Vranesic, Z.",
	isbn = "{0072499389}",
	publisher = "{McGraw-Hill, Inc. New York, NY, USA}",
	title = "{Fundamentals of Digital Logic with VHDL Design with CD-ROM}",
	year = "{2004}"
}

@book{gajski1997principles,
	author = "Gajski, D.D. and Kleinsmith, J.",
	publisher = "{Prentice Hall}",
	title = "{Principles of digital design}",
	volume = "{42}",
	year = "{1997}"
}

@book{wakerly2000digital,
	author = "Wakerly, J.F.",
	isbn = "{0130555207}",
	publisher = "{Prentice-Hall, Inc. Upper Saddle River, NJ, USA}",
	title = "{Digital design: principles and practices}",
	year = "{2000}"
}

@book{ashenden2008designer,
	author = "Ashenden, P.J.",
	isbn = "{0120887851}",
	publisher = "{Morgan Kaufmann}",
	title = "{The designer's guide to VHDL}",
	year = "{2008}"
}

@manual{xilinxFpgaDs099,
	month = "{jun}",
	organization = "{Xilinx}",
	title = "{Xilinx DS099 Spartan-3 FPGA Family data sheet}",
	year = "{2008}"
}

@book{socs02,
	author = "Decker, B. De",
	isbn = "{9789033467431}",
	publisher = "{Acco}",
	title = "{Structuur en organisatie van computersystemen - 2 Computerapparatuur}",
	year = "{2007}"
}

@book{socs04,
	author = "Decker, B. De and Verbaeten, P.",
	isbn = "{9789033468087}",
	publisher = "{Acco}",
	title = "{Structuur en organisatie van computersystemen - 4 Netwerken en getallen}",
	year = "{2007}"
}

@book{aenb10,
	author = "Demoen, B.",
	publisher = "{Katholieke Universiteit Leuven}",
	title = "{Automaten en Berekenbaarheid}",
	year = "2010"
}

@book{fundamentenvdi05,
	author = "Dekimpe, K. and Demoen, B.",
	publisher = "{Katholieke Universiteit Leuven}",
	title = "{Fundamenten voor de Informatica}",
	year = "{2005}"
}

@manual{hardi00,
	organization = "{HARDI Electronics AB}",
	title = "{VHDL handbook}",
	year = "{2000}"
}

@book{serway2007physics,
	author = "Serway, R.A. and Jewett, J.W.",
	publisher = "{Brooks/Cole Pub Co}",
	title = "{Physics for scientists and engineers with modern physics}",
	volume = "{2}",
	year = "{2007}"
}

@article{30711,
	author = "IEEE",
	doi = "10.1109/IEEESTD.1985.82928",
	issn = "",
	journal = "{ANSI/IEEE Std 754-1985}",
	keywords = "{binary floating point arithmetic; digital arithmetic; Floating-Point Working Group; IEEE Computer Society; IEEE standard; Microprocessor Standards Subcommittee; standards; Standards Committee}",
	month = "",
	number = "",
	pages = "{0\_1}",
	title = "{IEEE Standard for Binary Floating-Point Arithmetic}",
	volume = "",
	year = "{1985}"
}

@article{5976968,
	author = "IEEE",
	doi = "10.1109/IEEESTD.2008.5976968",
	issn = "",
	journal = "{IEEE Std 754-2008 (Revision of IEEE Std 754-1985) - Redline}",
	month = "{29}",
	number = "",
	pages = "{1--82}",
	title = "{IEEE Standard for Floating-Point Arithmetic - Redline}",
	volume = "",
	year = "{2008}"
}

@book{floyd2000digital,
	author = "Floyd, T.L. and Yu, Q.",
	publisher = "{Prentice Hall}",
	title = "{Digital fundamentals}",
	year = "{2000}"
}

@book{Kohavi70,
	author = "Kohavi, Zvi",
	publisher = "{McGraw-Hill}",
	title = "{Switching and Finite Automata Theory}",
	year = "1970"
}

@book{Toc95,
	author = "Tocci, Ronald J.",
	crindex = "{Biblioth{\`e}que ENS Lyon}",
	publisher = "{Prentice Hall}",
	title = "{Digital systems: principles and applications}",
	year = "{1995}"
}

@book{Adams81BOOK54,
	address = "{New York}",
	author = "Adams, D.",
	publisher = "{POCKET BOOKS}",
	ref = "{BOOK54}",
	title = "{The Hitchhiker's Guide to the Galaxy}",
	year = "{1981}"
}

@book{Kohler,
	author = "de Ridder, Matthijs and Vantorre, Lisbeth",
	isbn = "{9789054879510}",
	publisher = "{Academic \& Scientific Publishers}",
	title = "{Kurt K{\"o}hler - Verzamelde Proza}",
	year = "{2012}"
}

@book{books/cu/Appel2002,
	added-at = "{2011-04-14T00:00:00.000+0200}",
	author = "Appel, Andrew W. and Palsberg, Jens",
	cite = "{conf/asplos/YoungS94}",
	interhash = "{dc5cf537a09cddc9b0260a49ddcce867}",
	intrahash = "{076feb557b523c96a7844b5df955c20a}",
	isbn = "{0-521-82060-X}",
	keywords = "{dblp}",
	publisher = "{Cambridge University Press}",
	title = "{Modern Compiler Implementation in Java, 2nd edition.}",
	url = "{http://www.bibsonomy.org/bibtex/2076feb557b523c96a7844b5df955c20a/dblp}",
	x-fetchedfrom = "{Bibsonomy}",
	year = "{2002}"
}

@book{powerelectroniccontrol,
	author = "Acha, E. and V.G., Angelidis and O., Anaya-Lara and T.J.E., Miller",
	booktitle = "{Power Electronic Control in Electrical Systems}",
	editor = "T.J.E., Miller and D., Hanselman and T.M., Jahns and J., McDonald",
	isbn = "0 7506 5126 1",
	pages = "451",
	publisher = "Newnes",
	series = "{Newnes Power Engineering Series}",
	title = "{Power Electronic Control in Electrical Systems}",
	year = "2002"
}

@book{nonlinearfiber,
	author = "Argawal, Govind P.",
	booktitle = "{Applications of Nonlinear Fiber Optics}",
	editor = "Kelly, Paul L. and Kaminow, Ivan P. and Agrawal, Govind P.",
	isbn = "0-12-045144-1",
	pages = "472",
	publisher = "Academic Press",
	series = "{Optics and Photonics}",
	title = "{Applications of Nonlinear Fiber Optics}",
	year = "2001"
}

@manual{ne555,
	author = "Instruments, Texas",
	month = jun,
	pages = "31",
	publisher = "Texas Instruments",
	title = "{Precision Timers: NA555, NE555, SA555, SE555}",
	year = "2010"
}

@book{fabricatingprintedcircuitboards,
	author = "Varteresian, Jan",
	isbn = "1-878707-96-5",
	pages = "251",
	publisher = "Newnes",
	title = "{Fabricating Printed Circuit Boards}",
	year = "2002"
}

@book{industrialpowerengineeringandapplicationshandbook,
	author = "Agrawal, K.C.",
	booktitle = "{Industrial Power Engineering and Applications Handbook}",
	editor = "T.J.E., Miller and D., Hanselman and T.M., Jahns and J., McDonald",
	isbn = "0 7506 7351 6",
	pages = "998",
	publisher = "Newnes",
	series = "{Newnes Power Engineering Series}",
	title = "{Industrial Power Engineering and Applications Handbook}",
	year = "2001"
}

@book{multiresolutionsignaldecomposition,
	author = "Akansu, Ali N. and Haddad, Richard A.",
	booktitle = "{Multiresolution Signal Decomposition: Transforms, Subbands and Wavelets}",
	editor = "Hsing, T. Russell",
	isbn = "0-12-047141-8",
	pages = "516",
	publisher = "Academic Press",
	series = "{Series in Telecommunications}",
	title = "{Multiresolution Signal Decomposition: Transforms, Subbands and Wavelets}",
	year = "2001"
}

@book{pctroubleshooting,
	author = "Anderson, Howard and Tooley, Mike",
	booktitle = "{PC Troubleshooting: Pocket book}",
	isbn = "0-7506-59882",
	publisher = "Newnes",
	title = "{PC Troubleshooting: Pocket book}",
	year = "254"
}

@book{embeddedcontrollerhardwaredesign,
	author = "Arnold, Ken",
	booktitle = "{Embedded Controller Hardware Design}",
	isbn = "1-878707-52-5",
	pages = "245",
	publisher = "LLH Technology Publishing",
	series = "{Embedded Technology Series}",
	title = "{Embedded Controller Hardware Design}",
	year = "2001"
}

@article{analoginterfacingtoembeddedmicroprocessors,
	author = "Ball, Stuart",
	booktitle = "{Analog Interfacing to Embedded Microprocessors: Real World Design}",
	isbn = "0-7506-7339-7",
	pages = "283",
	publisher = "Newnes",
	title = "{Analog Interfacing to Embedded Microprocessors: Real World Design}",
	year = "2001"
}

@book{embeddedmicroprocessorsystems,
	author = "Ball, Stuart",
	booktitle = "{Embedded Microprocessor Systems: Real World Design}",
	isbn = "0-7506-75349",
	pages = "378",
	publisher = "Newnes",
	series = "{Embedded Technology Series}",
	title = "{Embedded Microprocessor Systems: Real World Design}",
	year = "2002"
}

@book{handbookofmedicalimagingprocessingandanalysis,
	author = "Bankman, Isaac N.",
	booktitle = "{Handbook Of Medical Imaging Processing Andan Alysis}",
	editor = "Brody, William and Zerhouni, Elias",
	isbn = "0-12-077790-8",
	pages = "910",
	publisher = "Academic Press",
	series = "{Academic Press Series in Biomedical Engineering}",
	title = "{Handbook Of Medical Imaging Processing Andan Alysis}",
	year = "2000"
}

@book{erbiumdopedfiberamplifiers,
	author = "Becker, P.C. and Olsson, N.A. and Simpson, J.R.",
	booktitle = "{Erbium-Doped Fiber Amplifiers: Fundamentals and Technology}",
	editor = "Kelly, P.L. and Kaminow, Ivan and Agrawal, Govind",
	isbn = "0-12-084590-3",
	pages = "481",
	publisher = "Academic Press",
	series = "{Optics and Photonics}",
	title = "{Erbium-Doped Fiber Amplifiers: Fundamentals and Technology}",
	year = "1999"
}

@book{vanonsemglossary,
	author="{Van Onsem, W.}",
	booktitle="{Programming glossary}",
	year=2014
}